@misc{WEBSITE:1,
	HOWPUBLISHED = "\url{https://www.youtube.com/watch?v=8WKhMsS9HBw}",
	NOTE = "Accessed on 2020-04-06"
}
@misc{WEBSITE:2,
	HOWPUBLISHED = "\url{https://jeffknupp.com/blog/2013/12/09/improve-your-python-understanding-unit-testing}",
	NOTE = "Accessed on 2020-04-06"
}
@misc{WEBSITE:3,
	HOWPUBLISHED = "\url{https://realpython.com/python-testing/unit-tests-vs-integration-tests}",
	NOTE = "Accessed on 2020-04-06"
}
@misc{WEBSITE:4,
	HOWPUBLISHED= "\url{https://docs.python.org/3/library/unittest.html#assert-methods}",
	NOTE = "Accessed on 2020-04-06"
}
@misc{WEBSITE:5,
	HOWPUBLISHED = "\url{https://github.com/ghsukumar/SFDC_Best_Practices/wiki/F.I.R.S.T-Principles-of-Unit-Testing}",
	NOTE = "Accessed on 2020-04-06"
}